1650 3042
207 228 276 276 84
704 230 1076 279 Μ

280 325 607 391 1)Fascias4.
634 330 801 398 Hung.
830 331 887 394 2)
921 332 1151 384 Leonem
1169 314 1297 387 Boh.
1328 337 1387 402 3)
1415 338 1571 407 Aqui·

272 408 376 458 lam
405 411 607 475 Morav.
644 411 702 474 4)
732 413 961 462 Fasciam
991 419 1191 467 unicam
1220 418 1392 476 Austr.
1443 425 1567 474 Tab.

271 501 320 549 8.
348 488 540 542 Ludisl.
574 492 643 544 N.
682 507 726 537 1.

202 590 250 624 2.
287 571 431 625 Alius
468 590 581 622 cum
613 573 678 623 K.
703 585 753 622 et
783 574 851 624 G.
886 569 1161 644 crucigero.
1198 579 1363 650 Prope
1415 598 1566 653 caput

262 657 315 708 S.
347 654 572 705 Ladislai
604 659 775 714 stantis
803 662 1022 707 occurrit
1048 659 1297 724 quaedam
1325 666 1562 731 protube-

260 736 452 796 tantia,
492 747 542 786 et
577 747 676 787 tres
722 737 949 805 globuli,
998 755 1095 788 seu.
1126 753 1329 808 puncta.
1382 746 1561 794 ibidem

257 817 324 868 N.
357 831 406 867 s.

107 916 112 929 ¹
191 912 244 961 3.
279 897 427 947 Alius
461 900 628 966 primo
658 899 864 959 simili5‚
901 916 1016 950 cum
1045 901 1111 950 K.
1138 900 1189 952 h.
1213 902 1335 954 ibid.
1359 905 1427 957 N.
1453 916 1504 965 3.

189 992 239 1034 4.
276 978 335 1027 In
361 979 461 1028 alio
495 979 648 1028 simili
677 979 742 1030 K.
775 979 830 1030 P.
861 981 1039 1029 ibidem
1065 983 1134 1033 N.
1163 994 1212 1037 4.

187 1075 237 1121 5.
274 1059 336 1110 In
361 1060 461 1109 alio
492 1058 558 1110 K.
584 1071 635 1110 et
657 1059 714 1109 Ρ.
743 1064 1071 1127 crucigerum.
1099 1064 1278 1110 ibidem
1308 1064 1376 1115 N.
1410 1083 1459 1129 5.

185 1138 235 1186 6.
270 1139 328 1187 In
357 1139 457 1188 alio
489 1139 671 1200 simili,
705 1140 771 1190 K.
797 1140 862 1189 R.
886 1141 1069 1188 ibidem
1100 1142 1164 1191 N.
1203 1141 1250 1192 6.

181 1246 233 1292 7.
270 1232 416 1284 Alius
446 1236 652 1295 similis,
683 1237 737 1284 in
783 1235 882 1300 quo
923 1253 1020 1302 pro
1063 1236 1212 1303 siglis
1259 1241 1551 1309 monetariis

250 1313 318 1365 N.
358 1325 407 1364 et
428 1312 669 1383 parmula
687 1314 929 1367 exhibens
947 1332 1187 1367 coronam
1204 1333 1318 1368 cum
1339 1321 1547 1370 flosculo

251 1394 486 1464 desuper.
524 1398 702 1444 ibidem
732 1397 801 1446 IV.
834 1410 881 1454 7.

180 1498 230 1545 8.
267 1488 413 1539 Alius
449 1506 562 1539 cum
613 1489 794 1540 iisdem
831 1489 977 1539 Notis
1006 1474 1320 1541 ‘monem-iis.
1367 1492 1543 1540 Ibidem

245 1573 313 1621 Ν.
345 1582 391 1627 8.
1524 1569 1528 1572 ’

176 1678 227 1728 9.
262 1665 320 1714 In
357 1655 457 1715 alio
490 1666 641 1716 simili
674 1665 740 1715 N.
770 1675 821 1714 et
848 1662 1082 1732 parmula
1110 1663 1270 1714 ovalis
1296 1662 1537 1715 exhibens

247 1747 424 1796 florem
457 1763 571 1797 cum
595 1746 774 1806 bulbo,
803 1745 890 1795 vel
921 1743 1164 1795 radicula.
1198 1745 1387 1794 Ibidem
1405 1745 1471 1796 N.
1489 1757 1538 1805 9.

182 1854 262 1892 ιο.
304 1857 343 1889 ς.
378 1857 659 1892 zAmsLAvs
700 1856 820 1890 Rex.
883 1838 1138 1888 Consueta
1167 1837 1359 1906 effigies
1389 1838 1535 1904 hujus

241 1922 411 1972 Sancti
442 1937 554 1973 cum
585 1922 860 1973 securicula
879 1920 1036 1970 tribus
1061 1921 1388 1971 foraminibus
1418 1939 1535 1971 con-

240 2011 430 2076 spicua.
468 2010 665 2076 Siglae:
691 2009 756 2057 K.
784 2007 853 2056 G.

302 2101 362 2151 In
396 2102 546 2153 Scuto
576 2106 733 2171 partis
756 2098 982 2151 Aversae
1033 2093 1396 2169 quadfipartito
1437 2092 1531 2149 Fa-

239 2186 343 2233 scia
365 2184 608 2234 'Austriae
633 2196 709 2234 est
732 2185 784 2233 in
809 2184 955 2233 tertia
988 2182 1174 2240 areola,
1194 2180 1373 2245 Aquila
1399 2198 1533 2239 vero-

237 2264 505 2316 Moraviae
548 2269 600 2315 in
641 2275 843 2330 quarta,
902 2261 1130 2327 adeoque
1174 2262 1274 2310 alio
1318 2261 1527 2319 ordine,

234 2362 385 2410 quam
428 2350 480 2397 in
526 2343 946 2416 praecedentibus
994 2346 1172 2393 aureis.
1239 2342 1416 2428 ibidem
1455 2343 1524 2390 Ν.

240 2439 317 2476 ιο.
351 2426 415 2477 R.
1324 2434 1327 2438 ’

173 2527 250 2567 ιι.
289 2514 432 2567 Alius
462 2517 789 2586 praecedenti
815 2518 990 2570 similis
1017 2530 1133 2567 cum
1164 2516 1302 2583 siglis
1329 2513 1379 2568 h.
1395 2513 1524 2565 etO.

231 2593 419 2646 ibidem
449 2599 516 2648 Ν.
549 2610 627 2649 11.

1642 2433 1650 2484 ¹}
