1618 2950
131 109 256 203 49⁰¹
634 126 1003 177 *macae-1»-

198 240 349 274 aureo
397 226 603 276 vellere&
643 230 874 278 cinctae.-
934 226 1153 277 Moneta
1205 233 1491 277 cereastes·

194 307 557 370 cruciferorum
594 311 739 372 pond.
783 317 815 373 ἦ
847 308 1067 360 δεηιιιπσ.
1105 310 1299 358 Ibidem
1325 311 1392 359 Ν.
1408 323 1488 366 24.

126 429 176 474 5.
213 429 399 463 nme.
430 431 489 463 11.
521 430 573 465 D.
608 432 655 463 e.
688 432 739 465 R.
773 427 811 466 1.
842 433 882 467 s.·
911 432 961 465 A.
993 431 1085 468 εΕ.
1106 433 1192 469 nv.
1238 436 1319 468 130.
1367 434 1486 473 nux.

191 508 308 545 A.A.
347 494 511 561 Caput
540 495 819 547 laureatum
840 534 855 559 ,
891 497 1021 547 infra
1049 497 1184 564 quod
1213 501 1263 549 S,

260 605 405 651 1800.
444 599 627 664 Aquila
658 600 833 670 biceps
883 620 997 652 cum
1039 603 1283 654 attributis
1338 620 1489 672 supra

193 677 457 748 descriptis
490 680 678 731 habens
705 686 757 732 in
790 695 998 750 pectore
1030 683 1309 742 Numerum
1346 701 1388 734 1.
1417 688 1489 733 in-

156 764 431 828 scriptum
478 763 780 829 parmulae,
826 780 980 813 aureo
1039 764 1233 815 vellere
1277 767 1488 814 cinctae.

191 844 386 889 Aereus
451 845 668 904 cruczfer
715 846 865 905 pond.
917 855 951 904 -k
1003 846 1225 895 Semunc.
1299 843 1529 892 Ibidem.

191 922 258 968 N·
288 940 366 985 ²5·

127 1020 172 1068 6.
213 1015 355 1065 Alius
390 1004 618 1080 ejusdem
653 1021 770 1066 anni
798 1035 910 1066 cum
942 1018 1085 1067 litera
1133 1018 1194 1067 Β.
1235 1016 1364 1066 infra
1409 1031 1487 1063 ca·

190 1107 296 1163 put.
336 1096 526 1143 Aereus
558 1097 771 1144 crucifer
806 1099 1118 1160 aliquantum
1146 1099 1308 1146 levior
1342 1111 1487 1162 prae-

88 1180 96 1190 ”
191 1175 420 1226 cedente.

129 1283 179 1335 7.
217 1260 395 1329 Alius,
441 1272 625 1334 inquo
657 1270 954 1337 Inscriptio,
1003 1286 1062 1317 ac
1121 1281 1272 1336 typus
1317 1267 1485 1328 idem,

190 1353 273 1416 qui
309 1350 478 1399 est'N.
522 1362 569 1405 5».
605 1349 916 1419 descriptus,
948 1349 1035 1399 sed
1060 1350 1189 1398 infra
1223 1361 1370 1416 caput
1400 1366 1494 1397 oc-·

161 1431 164 1435 ’
192 1434 344 1480 currit
373 1429 435 1480 A.
478 1434 605 1479 etin
634 1442 840 1499 pectore
887 1432 1103 1498 bicipitis
1151 1425 1364 1496 Aquilae
1413 1439 1486 1478 est

187 1512 438 1562 Numerus
477 1511 660 1561 fractus
699 1519 746 1576 ξ.
777 1512 929 1562 habet
964 1516 1097 1561 enim
1129 1511 1254 1562 haec
1285 1523 1485 1562 moneta

190 1610 336 1643 aerea
362 1594 589 1643 valo-rem
622 1592 779 1643 medii
805 1604 998 1659 tantum
1026 1591 1315 1641 cruciferi..

124 1713 173 1761 8.
209 1701 351 1751 Alius
386 1704 590 1767 similis,
626 1698 853 1767 ejusdem
883 1704 1000 1749 anni
1032 1704 1172 1751 1800.
1202 1714 1315 1747 cum
1342 1699 1484 1748 litera

192 1784 256 1834 A.
284 1784 413 1833 infra
455 1795 638 1851 caput,
671 1793 720 1831 et
755 1782 978 1835 Numero
1018 1795 1058 1828 1.
1096 1783 1289 1846 pectori
1332 1779 1485 1843 Aqui·

191 1866 271 1923 lae
321 1868 599 1932 inscripto·‚‘
646 1878 820 1911 aereus
847 1899 863 1921 ,
925 1860 1171 1911 diametro
1226 1860 1486 1920 cruciferi,

190 1943 280 1994 sed
320 1944 448 1994 adeo
482 1946 640 1992 tenuis
671 1943 941 2000 bracteae,
967 1951 1021 1988 ut
1069 1936 1390 1989 solummodo
1435 1949 1482 1993 8.

192 2043 348 2093 grana
380 2024 649 2092 ponderet,
685 2026 971 2093 speciminis
1002 2031 1194 2109 tantum
1221 2036 1368 2068 causa
1395 2034 1485 2068 nu-

191 2123 303 2163 mus
329 2105 409 2155 hic
433 2105 590 2156 Factus
621 2105 772 2157 fuisse
803 2103 1023 2158 videtur.

127 2226 174 2273 9.
211 2212 387 2269 Alius,
420 2214 471 2264 in
499 2228 596 2276 quo
637 2228 754 2279 pars
797 2226 975 2260 aversa
1013 2210 1390 2277 inscriptionem
1435 2217 1485 2256 et

193 2290 356 2359 Caput
388 2297 540 2360 partis
568 2292 780 2343 Antic‘ae
811 2289 965 2343 habet
994 2295 1321 2362 introcusum,
1336 2286 1486 2337 adeo-

193 2388 287 2436 que
314 2376 512 2431 inverso
552 2371 726 2431 modo,
763 2371 1114 2427 Curisiositatis
1148 2385 1293 2435 causa
1327 2373 1497 2424 retenv'

193 2462 271 2507 tus
303 2463 391 2502 est.

1613 2311 1618 2336 Σ

1606 2342 1618 2405 ’ἔ

1611 2430 1618 2469 j

1603 2707 1609 2718 .
