1650 3042
162 217 230 274 64

685 218 1063 264 *mm

234 320 578 394 praecedente
610 320 798 372 Num0.
837 320 991 369 Extra
1021 329 1219 382 scutum
1253 320 1301 371 Si
1312 318 1427 389 glae
1446 324 1553 373 mo·

236 411 459 466 netariae
487 407 519 456 S
552 417 600 455 et
628 402 691 453 Π.
735 406 898 457 Pond.
920 409 1005 463 58.
1027 420 1106 467 gro
1141 404 1318 453 ibidem
1353 407 1419 454 N.
1441 423 1490 466 3.

206 528 217 541 .
254 493 281 549 †
318 505 548 540 mom-:TA
599 503 678 537 ΚΑ
684 513 837 527 -----
864 536 866 541 ,
900 486 1013 535 Rex
1057 498 1324 538 coronatus
1363 483 1546 538 sedens

235 574 287 622 in
315 568 499 621 throno
527 570 646 619 liliis
680 579 858 617 ornato
888 564 939 617 d.
978 579 1234 636 sceptrum
1273 573 1420 638 apice
1470 589 1549 620 ro-

234 653 426 715 tundo,
454 670 492 703 S.
518 651 732 719 globum
764 653 1098 718 crucigerum.

301 737 328 793 †
366 750 543 784 Hoxoss
585 736 723 797 regis
768 734 1007 781 iudicium
1049 748 1274 783 Dimci’r.
1336 733 1546 784 Scutum

234 817 535 868 inclinatum
584 813 904 868 dextrorsum
964 818 1323 872 continens'4.
1364 815 1544 866 fascias
1608 868 1611 870 ,

232 899 533 966 hungaricas
568 913 597 945 a
615 894 822 955 dextris,
841 908 890 946 et
913 909 962 955 5.
991 897 1097 946 lilia
1121 900 1290 965 stirpis
1308 895 1544 948 Andinae

233 998 263 1031 a
300 981 541 1037 sinistris,
571 979 894 1028 incumbente
946 976 1168 1045 desuper
1210 979 1356 1045 galea
1405 996 1547 1028 coro·
1578 973 1580 976 Α

233 1071 354 1111 nata
383 1063 482 1110 suis
513 1075 628 1109 cum
657 1058 867 1115 laciniis,
882 1076 943 1106 ex
972 1075 1069 1122 qua
1093 1063 1352 1126 prominet
1379 1057 1548 1128 Caput

235 1143 542 1210 struthionis
573 1145 704 1191 inter
735 1138 858 1189 duas
882 1141 1100 1208 plumas.
1135 1141 1194 1190 In
1226 1144 1357 1191 'area
1389 1143 1546 1192 Numi

234 1223 354 1275 hinc
381 1227 411 1274 S
443 1223 566 1274 inde
596 1224 777 1273 lilium.
814 1221 985 1289 Pond.
1008 1227 1095 1286 58.
1125 1240 1199 1285 gr.
1219 1224 1396 1297 ibidem
1408 1226 1478 1272 N.
1499 1240 1547 1280 4.

205 1346 216 1358 .
255 1308 401 1356 Alius
427 1304 762 1374 praecedenti
787 1305 994 1362 similis,
1040 1301 1209 1354 differt
1238 1303 1402 1368 forma
1444 1323 1549 1357 sce·

234 1395 336 1460 ptri
372 1390 588 1456 liligeri,
617 1399 666 1437 et
696 1389 822 1436 flore
854 1389 905 1435 in
917 1400 1037 1436 area
1067 1387 1360 1458 conspicuo.
1380 1387 1547 1455 Siglae
1592 1447 1593 1450 Ἴ

235 1473 546 1521 monetariae
578 1473 630 1519 in
661 1467 858 1517 Aversa
881 1479 994 1517 sunt
1024 1467 1086 1518 A.
1110 1480 1161 1518 et
1184 1469 1230 1518 -Ι,
1260 1469 1549 1536 Inscriptio-

235 1571 324 1604 nes
351 1552 417 1602 ob
441 1551 667 1600 Numum
692 1552 1046 1599 circumcisum
1082 1552 1267 1613 'majori
1301 1567 1363 1598 ex
1402 1560 1546 1617 parte

238 1632 556 1702 deperditae.
589 1631 752 1678 Pond.
780 1641 864 1687 52.
892 1648 970 1692 gr.
1001 1631 1182 1678 ibidem
1216 1628 1285 1680 N.
1311 1647 1360 1693 5.

253 1700 565 1783 Perigraphe
592 1714 828 1763 abscissa.
866 1711 1306 1769 Rex'co‘ronatus,
1332 1707 1546 1777 paluda-
1587 1758 1595 1766 ,

236 1809 349 1854 tus,
386 1801 435 1844 in
468 1794 656 1844 throno
686 1793 884 1844 duobus
912 1792 1209 1842 ramusculis
1249 1801 1428 1840 ornato
1470 1793 1561 1840 se-'

236 1877 365 1928 dens
395 1880 501 1926 sine
535 1887 757 1945 sceptro,
795 1887 843 1925 et
863 1874 1020 1970 globo
1040 1875 1316 1939 crucigero.
1346 1872 1405 1920 In
1425 1877 1544 1921 area

238 1958 368 2008 duae
399 1961 651 2008 cruculae.

302 2042 745 2107 Exinscriptione
780 2035 1007 2086 Aversae
1037 2037 1189 2104 pauci
1220 2033 1540 2084 characteres

237 2122 440 2189 residui.
480 2124 686 2172 Scutum
713 2121 1043 2179 inclinatum,
1077 2118 1256 2167 fascias
1285 2134 1314 2165 a
1338 2115 1544 2175 dextris,

235 2204 343 2253 lilia
374 2222 499 2254 vero
527 2221 556 2252 a
587 2206 796 2254 sinistris
829 2201 1104 2260 exhibens,
1139 2211 1188 2249 et
1214 2199 1360 2265 galea
1402 2213 1546 2246 coro·

238 2296 358 2333 nata
398 2296 539 2334 scuto
587 2285 915 2342 incumbens,
943 2294 1023 2331 ‘ex
1047 2296 1145 2347 qua
1174 2282 1434 2347 prominet
1460 2293 1542 2326 ca-

233 2378 328 2434 put
362 2367 664 2416 Struthionis
695 2369 825 2415 inter
847 2363 972 2413 duas
1000 2363 1218 2431 plumas.
1249 2361 1415 2427 Siglae
1432 2376 1537 2407 mo-

237 2451 457 2496 netariae
490 2447 553 2497 A.
588 2459 638 2496 et
663 2449 718 2497 F.
751 2448 908 2496 Pond.
939 2443 1022 2498 46.
1040 2443 1254 2509 gr.ibid,
1283 2443 1349 2489 N.
1382 2442 1431 2492 6.

205 2567 217 2578 .
255 2528 400 2576 Alius
437 2532 487 2576 in
528 2532 756 2595 margine
786 2527 1007 2584 fractus,
1045 2523 1241 2573 detritis
1292 2521 1543 2571 characte·

235 2610 407 2657 ribus
397 2626 448 2657 m
482 2608 664 2657 Antica
692 2609 890 2674 Regem
916 2623 1031 2656 cum
1074 2606 1230 2673 globo
1277 2605 1535 2667 crucigero

237 2688 495 2739 sedentem
528 2695 685 2742 sistit
714 2694 765 2738 in
795 2706 980 2738 aversa
1001 2690 1209 2737 Scutum
1234 2703 1334 2755 non
1354 2688 1405 2732 in
1434 2679 1538 2730 me-

239 2769 322 2820 dio
358 2769 699 2834 οἱτουΙί,Εεθί
728 2773 782 2821 in
835 2770 993 2821 latere
1050 2768 1231 2827 habet,
1277 2775 1534 2822 erectum,
1613 2767 1624 2787 ¹

1489 2848 1542 2893 in
